@article{schroeder2022trimming,
  title={How Trimming Affects Thick-Film Resistor Performance},
  author={Schroeder, Kory},
  journal={Power Electronics Tips},
  year={2022},
  month={February},
  day={16},
  note={URL: \url{https://www.powerelectronictips.com/how-trimming-affects-thick-film-resistor-performance-faq/}}
}


@online{zadani,
    author="{{Otáhal, A.; Adámek, M.; Hejátková, E.}}",
    title={Měření a dostavování rezistorů},
    date="2022",
    url="https://moodle.vut.cz/pluginfile.php/797149/mod_resource/content/1/LC_05_navod_v02_2022.pdf",
    urldate="2023-12-04"
}

@misc{DiplomkaTlusteVrstvy,
    publisher = {Vysoké učení technické v Brně. Fakulta elektrotechniky a komunikačních technologií},
    year = {2016},
    title = {Elektrické vlastnosti tlustovrstvých past měřené v širokém rozsahu teplot},
    language = {cze},
    author = {Gajdoš, J.},
    url = {https://www.vut.cz/www_base/zav_prace_soubor_verejne.php?file_id=126052},
    keywords = {Tlustá vrstva, tlustovrstvá technologie, tlustovrstvé pasty, hybridní integrované obvody,
    sítotisk, teplotní závislost tlustých vrstev, vrstvový odpor, kryogenní teploty, vodivost tlusté
    vrstvy.},
}

@misc{hrabovsky2012,
    author = {Hrabovský, M.},
    title = {Výroba nanostruktur na grafitových/grafenových vrstvách a měření jejich transportních vlastností za pokojové teploty},
    howpublished = {Brno: Vysoké učení technické v Brně, Fakulta strojního inženýrství},
    year = {2012},
    pages = {37},
    note = {Vedoucí Ing. Miroslav Bartošík, Ph.D.}
}


@article{tcrArticle,
    author={Rao,Y. S.},
    year={2008},
    title={Studies on temperature coefficient of resistance (TCR) of polymer thick film resistors},
    journal={Microelectronics International},
    volume={25},
    number={3},
    pages={33-36},
    abstract={Purpose - The purpose of this paper is to study the variation of the temperature coefficient of resistance (TCR) of polymer thick film resistors, namely, PVC-graphite thick film resistors, with parameters such as volume fraction, grain size, and high voltage. Design/methodology/approach - A model is proposed to explain the observed variations, which assumes that the texture of the thick film resistors consists of insulator granules coated with conducting particles. Findings - The paper finds that the TCR of these materials is controlled mainly by the contact resistance fluctuations between the conducting particles and the number of contacts each particle has with it neighbours. The variation of TCR with high voltage has also been explained with the help of this model and it is attributed to the changes in contact area and the number of contacts. Originality/value - The value of the paper is in showing that apparently the TCR of polymer thick film resistors can be controlled by the expansion properties of the insulating medium. The variation of TCR with high voltage is also due to change in number of contacts between the conducting particles. These types of material may find applications in thermal sensors or as temperature control elements. PUBLICATION ABSTRACT]},
    keywords={Electronics; Temperature; Electric resistance; Polymer films; Studies; Polymers; Thermal cycling; Graphite; Grain size; Composite materials; Electric currents; 8650:Electrical & electronics industries; 9130:Experimental/theoretical; 8640:Chemical industry},
    isbn={13565362},
    language={English},
    url={https://www.proquest.com/scholarly-journals/studies-on-temperature-coefficient-resistance-tcr/docview/216324004/se-2},
}


